% ============================================================================
% Non-linear Stuff
% ============================================================================
@article{jiang_coenen_zito_2013, title={A survey of frequent subgraph mining algorithms}, volume={28}, DOI={10.1017/S0269888912000331}, number={1}, journal={The Knowledge Engineering Review}, publisher={Cambridge University Press}, author={Jiang, Chuntao and Coenen, Frans and Zito, Michele}, year={2013}, pages={75â€“105}}
@article{de1997clausal,
  title={Clausal discovery},
  author={De Raedt, Luc and Dehaspe, Luc},
  journal={Machine Learning},
  volume={26},
  number={2-3},
  pages={99--146},
  year={1997},
  publisher={Springer}
}
@book{de2008logical,
  title={Logical and relational learning},
  author={De Raedt, Luc},
  year={2008},
  publisher={Springer Science \& Business Media}
}
@inproceedings{todorovski1997declarative,
  title={Declarative bias in equation discovery},
  author={Todorovski, Ljupco and Dzeroski, Saso},
  booktitle={ICML},
  pages={376--384},
  year={1997}
}
@inproceedings{lloyd2014automatic,
  title={Automatic construction and natural-language description of nonparametric regression models},
  author={Lloyd, James Robert and Duvenaud, David and Grosse, Roger and Tenenbaum, Joshua and Ghahramani, Zoubin},
  booktitle={Twenty-eighth AAAI conference on artificial intelligence},
  year={2014}
}
@article{bessiere2017constraint,
	Author = {Bessiere, Christian and Koriche, Fr{\'e}d{\'e}ric and Lazaar, Nadjib and O'Sullivan, Barry},
	Date-Added = {2017-09-22 10:52:33 +0000},
	Date-Modified = {2017-09-22 10:52:33 +0000},
	Journal = {Artificial Intelligence},
	Pages = {315--342},
	Publisher = {Elsevier},
	Title = {Constraint acquisition},
	Volume = {244},
	Year = {2017}}
	
@incollection{nemhauser1989integer,
 author = {Nemhauser, G. L. and Wolsey, L. A.},
 chapter = {Integer Programming},
 title = {Optimization},
 editor = {Nemhauser, G. L. and Kan, A. H. G. Rinnooy and Todd, M. J.},
 year = {1989},
 isbn = {0-444-87284-1},
 pages = {447--527},
 numpages = {81},
 url = {http://dl.acm.org/citation.cfm?id=94386.94405},
 acmid = {94405},
 publisher = {Elsevier North-Holland, Inc.},
 address = {New York, NY, USA},
} 
[download]

@inproceedings{todorovski2004inducing,
  title={Inducing polynomial equations for regression},
  author={Todorovski, Ljup{\v{c}}o and Ljubi{\v{c}}, Peter and D{\v{z}}eroski, Sa{\v{s}}o},
  booktitle={European Conference on Machine Learning},
  pages={441--452},
  year={2004},
  organization={Springer}
}

@article{gulwani2017program,
  title={Program synthesis},
  author={Gulwani, Sumit and Polozov, Oleksandr and Singh, Rishabh and others},
  journal={Foundations and Trends{\textregistered} in Programming Languages},
  volume={4},
  number={1-2},
  pages={1--119},
  year={2017}
}


% ============================================================================
% Constraint Learning
% ============================================================================

@inproceedings{de2018learning,
  title={{Learning constraints from examples}},
  author={De Raedt, Luc and Passerini, Andrea and Teso, Stefano},
  booktitle={Proceedings of AAAI'18},
  year={2018}
}

@incollection{bessiere2016new,
  title={New approaches to constraint acquisition},
  author={Bessiere, Christian and others},
  booktitle={Data mining and constraint programming},
  pages={51--76},
  year={2016},
  publisher={Springer}
}

@inproceedings{beldiceanu2012model,
  title={{A Model Seeker: extracting global constraint models from positive examples}},
  author={Beldiceanu, Nicolas and Simonis, Helmut},
  pages={141--157},
  year={2012}
}

@article{kolb2017learning,
  title={Learning constraints in spreadsheets and tabular data},
  author={Kolb, Samuel and Paramonov, Sergey and Guns, Tias and De Raedt, Luc},
  journal={Machine Learning},
  volume={106},
  number={9-10},
  pages={1441--1468},
  year={2017}
}

@inproceedings{kumar2018constraint,
  title={Constraint learning using tensors},
  author={Kumar, Mohit and Teso, Stefano and De Raedt, Luc},
  booktitle={EURO},
  year={2018}
}

@article{pawlak2019synthesis,
  title={Synthesis of mathematical programming models with one-class evolutionary strategies},
  author={Pawlak, Tomasz P},
  journal={Swarm and evolutionary computation},
  volume={44},
  pages={335--348},
  year={2019},
  publisher={Elsevier}
}


% ============================================================================
% Applications
% ============================================================================

@article{burke2004state,
  title={The state of the art of nurse rostering},
  author={Burke, Edmund K and De Causmaecker, Patrick and Berghe, Greet Vanden and Van Landeghem, Hendrik},
  journal={Journal of scheduling},
  volume={7},
  number={6},
  pages={441--499},
  year={2004},
  publisher={Springer}
}

@incollection{smet2013nurse,
  title={Nurse rostering: a complex example of personnel scheduling with perspectives},
  author={Smet, Pieter and De Causmaecker, Patrick and Bilgin, Burak and Berghe, Greet Vanden},
  booktitle={Automated Scheduling and Planning},
  pages={129--153},
  year={2013},
  publisher={Springer}
}


% ============================================================================
% Misc
% ============================================================================

@article{muggleton1994ilp,
  title = {{Inductive Logic Programming: Theory and methods}},
  author = "Stephen Muggleton and Luc de Raedt",
  journal = "The Journal of Logic Programming",
  volume = "19-20",
  pages = "629 - 679",
  year = "1994"
}

@inproceedings{nethercote2007minizinc,
  title={{MiniZinc: Towards a standard CP modelling language}},
  author={Nethercote, Nicholas and Stuckey, Peter J and Becket, Ralph and Brand, Sebastian and Duck, Gregory J and Tack, Guido},
  booktitle={International Conference on Principles and Practice of Constraint Programming},
  pages={529--543},
  year={2007},
  organization={Springer}
}

@article{schulte2006modeling,
  title={{Modeling and Programming with Gecode}},
  author={Schulte, Christian and Tack, Guido and Lagerkvist, Mikael Z},
  year={2006}
}

@inproceedings{ruggieri2013learning,
  title={Learning from polyhedral sets},
  author={Ruggieri, Salvatore},
  booktitle={Twenty-Third International Joint Conference on Artificial Intelligence},
  year={2013}
}

@INPROCEEDINGS{4114475, 
author={V. {Borsani} and A. {Matta} and G. {Beschi} and F. {Sommaruga}}, 
booktitle={2006 International Conference on Service Systems and Service Management}, 
title={A Home Care Scheduling Model For Human Resources}, 
year={2006}, 
volume={1}, 
number={}, 
pages={449-454}, 
keywords={health care;integer programming;linear programming;organisational aspects;patient care;planning;scheduling;home care service;linear integer scheduling model;human resources;health care;clinical decision;organizational decision;home patient;Italian home care providers;service quality;operations research techniques;short term planning;Humans;Scheduling;Costs;Mathematical model;Medical services;Testing;Operations research;Linear programming;Senior citizens;Pediatrics;scheduling;home care;short term planning;linear programming}, 
doi={10.1109/ICSSSM.2006.320504}, 
ISSN={2161-1890}, 
month={Oct},}

@book{tille2011sampling,
  title={Sampling algorithms},
  author={Till{\'e}, Yves},
  year={2011},
  publisher={Springer}
}

@inproceedings{tsouros2018efficient,
  title={Efficient Methods for Constraint Acquisition},
  author={Tsouros, Dimosthenis C and Stergiou, Kostas and Sarigiannidis, Panagiotis G},
  booktitle={International Conference on Principles and Practice of Constraint Programming},
  pages={373--388},
  year={2018},
  organization={Springer}
}

@inproceedings{arcangioli2016multiple,
  title={Multiple constraint aquisition},
  author={Arcangioli, Robin and Bessiere, Christian and Lazaar, Nadjib},
  booktitle={IJCAI: International Joint Conference on Artificial Intelligence},
  pages={698--704},
  year={2016}
}

@article{pawlak2017automatic,
  title={Automatic synthesis of constraints from examples using mixed integer linear programming},
  author={Pawlak, Tomasz P and Krawiec, Krzysztof},
  journal={European Journal of Operational Research},
  volume={261},
  number={3},
  pages={1141--1157},
  year={2017},
  publisher={Elsevier}
}

@inproceedings{alur2013syntax,
  title={Syntax-guided synthesis},
  author={Alur, Rajeev and Bodik, Rastislav and Juniwal, Garvit and Martin, Milo MK and Raghothaman, Mukund and Seshia, Sanjit A and Singh, Rishabh and Solar-Lezama, Armando and Torlak, Emina and Udupa, Abhishek},
  booktitle={2013 Formal Methods in Computer-Aided Design},
  pages={1--8},
  year={2013},
  organization={IEEE}
}
