@inproceedings{de2018learning,
  title={{Learning constraints from examples}},
  author={De Raedt, Luc and Passerini, Andrea and Teso, Stefano},
  booktitle={Proceedings of AAAI'18},
  year={2018}
}

@inproceedings{beldiceanu2012model,
  title={{A Model Seeker: extracting global constraint models from positive examples}},
  author={Beldiceanu, Nicolas and Simonis, Helmut},
  pages={141--157},
  year={2012}
}

@article{kolb2017learning,
  title={Learning constraints in spreadsheets and tabular data},
  author={Kolb, Samuel and Paramonov, Sergey and Guns, Tias and De Raedt, Luc},
  journal={Machine Learning},
  volume={106},
  number={9-10},
  pages={1441--1468},
  year={2017}
}

@inproceedings{sara2014second,
  title={The second international nurse rostering competition},
  author={Sara, Ceschia and others},
  booktitle={Proceedings of PATAT'14},
  pages={554--556},
  year={2014}
}

@incollection{Bessiere,
  title={New approaches to constraint acquisition},
  author={Bessiere, Christian and others},
  booktitle={Data mining and constraint programming},
  pages={51--76},
  year={2016},
  publisher={Springer}
}

@article{MUGGLETON1994629,
title = {{Inductive Logic Programming: Theory and methods}},
author = "Stephen Muggleton and Luc de Raedt",
journal = "The Journal of Logic Programming",
volume = "19-20",
pages = "629 - 679",
year = "1994"
}